<record><leader>00000cas a22000007a 4500</leader><controlfield tag="001">10037920</controlfield><controlfield tag="008">831020d18981905ohudr ne      0    0eng d</controlfield><datafield ind1=" " ind2=" " tag="010"><subfield code="a">sn 83035555 </subfield></datafield><datafield ind1=" " ind2=" " tag="040"><subfield code="a">NPY</subfield><subfield code="b">eng</subfield><subfield code="c">NPY</subfield><subfield code="d">DLC</subfield><subfield code="d">ONP</subfield><subfield code="d">OCLCQ</subfield></datafield><datafield ind1=" " ind2=" " tag="042"><subfield code="a">msc</subfield></datafield><datafield ind1="0" ind2=" " tag="130"><subfield code="a">Evening plain dealer (Cleveland, Ohio : 1898)</subfield></datafield><datafield ind1="1" ind2="0" tag="245"><subfield code="a">Evening plain dealer.</subfield></datafield><datafield ind1="1" ind2="7" tag="246"><subfield code="a">Cleveland plain dealer</subfield></datafield><datafield ind1="1" ind2="7" tag="246"><subfield code="a">Cleveland evening plain dealer</subfield></datafield><datafield ind1=" " ind2=" " tag="260"><subfield code="a">Cleveland [Ohio] :</subfield><subfield code="b">Plain Dealer Pub. Co.</subfield></datafield><datafield ind1=" " ind2=" " tag="300"><subfield code="a">v.</subfield></datafield><datafield ind1=" " ind2=" " tag="310"><subfield code="a">Daily</subfield></datafield><datafield ind1="1" ind2=" " tag="362"><subfield code="a">Began in 1898; ceased with July 15, 1905.</subfield></datafield><datafield ind1=" " ind2=" " tag="500"><subfield code="a">"Democratic."</subfield></datafield><datafield ind1=" " ind2=" " tag="580"><subfield code="a">Weekly ed.: Weekly plain dealer (Cleveland, Ohio).</subfield></datafield><datafield ind1=" " ind2=" " tag="580"><subfield code="a">Daily morning ed.: Cleveland plain dealer (Cleveland, Ohio : 1885).</subfield></datafield><datafield ind1=" " ind2=" " tag="588"><subfield code="a">Description based on: Vol. 57, no. 109 (July 8, 1898).</subfield></datafield><datafield ind1=" " ind2="4" tag="651"><subfield code="a">Cleveland (Ohio)</subfield><subfield code="v">Newspapers.</subfield></datafield><datafield ind1=" " ind2="4" tag="651"><subfield code="a">Cuyahoga County (Ohio)</subfield><subfield code="v">Newspapers.</subfield></datafield><datafield ind1=" " ind2=" " tag="752"><subfield code="a">United States</subfield><subfield code="b">Ohio</subfield><subfield code="c">Cuyahoga</subfield><subfield code="d">Cleveland.</subfield></datafield><datafield ind1="1" ind2=" " tag="775"><subfield code="t">Weekly plain dealer (Cleveland, Ohio)</subfield><subfield code="w">(DLC)sn 83035335</subfield></datafield><datafield ind1="1" ind2=" " tag="775"><subfield code="t">Cleveland plain dealer (Cleveland, Ohio : 1885)</subfield><subfield code="w">(DLC)sn 83045167</subfield></datafield><datafield ind1="0" ind2="0" tag="780"><subfield code="t">Evening plain dealer and evening post</subfield><subfield code="w">(DLC)sn 83035554</subfield></datafield><datafield ind1="0" ind2="7" tag="785"><subfield code="t">Cleveland world-news</subfield><subfield code="w">(DLC)sn 83035114</subfield></datafield><datafield ind1="0" ind2="7" tag="785"><subfield code="t">Cleveland world-news and evening plain dealer</subfield><subfield code="w">(DLC)sn 83035115</subfield></datafield><datafield ind1="1" ind2=" " tag="029"><subfield code="a">AU@</subfield><subfield code="b">000020385339</subfield></datafield></record>